<record><leader>00000cas a2200000 a 4500</leader><controlfield tag="001">12241294</controlfield><controlfield tag="008">850708d18781896iluwr ne      0   a0eng c</controlfield><datafield ind1=" " ind2=" " tag="010"><subfield code="a">sn 85033747 </subfield></datafield><datafield ind1=" " ind2=" " tag="040"><subfield code="a">NPU</subfield><subfield code="b">eng</subfield><subfield code="c">NPU</subfield><subfield code="d">NVF</subfield><subfield code="d">OCL</subfield><subfield code="d">CVF</subfield><subfield code="d">NVF</subfield><subfield code="d">OCLCQ</subfield><subfield code="d">OCLCF</subfield><subfield code="d">NVF</subfield><subfield code="d">OCLCO</subfield></datafield><datafield ind1="1" ind2=" " tag="029"><subfield code="a">AU@</subfield><subfield code="b">000020234495</subfield></datafield><datafield ind1=" " ind2=" " tag="042"><subfield code="a">pcc</subfield></datafield><datafield ind1=" " ind2=" " tag="043"><subfield code="a">n-us-il</subfield></datafield><datafield ind1="0" ind2=" " tag="130"><subfield code="a">Geneva Republican (Geneva, Ill.)</subfield></datafield><datafield ind1="1" ind2="4" tag="245"><subfield code="a">The Geneva Republican.</subfield></datafield><datafield ind1=" " ind2=" " tag="260"><subfield code="a">Geneva, Ill. :</subfield><subfield code="b">Charles Archer</subfield></datafield><datafield ind1=" " ind2=" " tag="300"><subfield code="a">v.</subfield></datafield><datafield ind1=" " ind2=" " tag="310"><subfield code="a">Weekly</subfield></datafield><datafield ind1="0" ind2=" " tag="362"><subfield code="a">-v. 49, no. 13 (Mar. 28, 1896).</subfield></datafield><datafield ind1=" " ind2=" " tag="500"><subfield code="a">Began in 1878.</subfield></datafield><datafield ind1=" " ind2=" " tag="580"><subfield code="a">Issued with: Elburn enterprise, which is printed on back page, Apr. 8, 1893-Mar. 28, 1896.</subfield></datafield><datafield ind1=" " ind2=" " tag="588"><subfield code="a">Description based on: Apr. 13, 1878.</subfield></datafield><datafield ind1=" " ind2="0" tag="651"><subfield code="a">Geneva (Ill.)</subfield><subfield code="v">Newspapers.</subfield></datafield><datafield ind1=" " ind2="7" tag="651"><subfield code="a">Illinois</subfield><subfield code="z">Geneva.</subfield><subfield code="2">fast</subfield><subfield code="0">(OCoLC)fst01226534</subfield></datafield><datafield ind1=" " ind2="7" tag="655"><subfield code="a">Newspapers.</subfield><subfield code="2">fast</subfield><subfield code="0">(OCoLC)fst01423814</subfield></datafield><datafield ind1=" " ind2=" " tag="752"><subfield code="a">United States</subfield><subfield code="b">Illinois</subfield><subfield code="c">Kane</subfield><subfield code="d">Geneva.</subfield></datafield><datafield ind1="1" ind2=" " tag="777"><subfield code="t">Elburn enterprise</subfield><subfield code="w">(DLC)sn 93057185</subfield><subfield code="w">(OCoLC)29248265</subfield></datafield><datafield ind1="0" ind2="0" tag="785"><subfield code="t">Twice-a-week Republican (Geneva, Ill. : 1896)</subfield><subfield code="w">(DLC)sn 94054363</subfield><subfield code="w">(OCoLC)30019954</subfield></datafield></record>